2558 4464
370 355 468 442 PR
495 357 558 462 AE
581 357 620 440 F
622 364 680 446 'A
703 357 794 444 T]
816 357 867 452 O.

117 550 249 638 debet
267 531 432 662 Spsierira
449 547 695 650 Polonicum,
720 557 763 636 rit
782 561 891 664 ineo
910 581 990 640 non
1010 585 1096 644 mo·

117 667 173 750 do
192 657 457 770 objeuiones
479 662 702 749 solvantur,
730 661 795 748 sed
821 666 963 780 inquo
985 667 1096 758 simui

122 777 379 870 ostendatur,
409 775 532 888 qualis
550 775 595 858 fit
612 773 765 860 hostilis
787 777 939 862 Acies?
979 787 1095 892 Qae.

131 913 220 971 narn
259 887 452 998 primaria
493 885 654 968 illorum
701 883 773 969 fint
816 891 1094 980 munimenta?

130 1002 318 1105 Qunam
344 999 521 1108 inprimis
542 999 701 1081 illorum
720 998 971 1112 Hypotheses
991 1005 1094 1090 refu·

125 1111 281 1305 tepefiiae,
343 1109 487 1224 quibus
533 1107 674 1194 everfis
718 1135 849 1198 totum
891 1110 1095 1202 subruatur

127 1245 157 1306 e
187 1221 200 1304 i
227 1222 365 1308 cium?

128 1455 131 1462 '
186 1446 341 1557 Neque,
359 1467 547 1556 quantum
566 1443 659 1542 scio,
677 1444 756 1530 tale
774 1446 967 1548 reperitur
981 1445 1092 1532 Coo-

132 1555 402 1660 troversrarum
431 1555 763 1668 Theologicarum
793 1559 992 1670 Systema,
1023 1561 1094 1644 ubi

132 1695 203 1781 per
220 1675 351 1752 omnia
366 1666 577 1752 Haerefium
597 1675 637 1751 δι
657 1669 952 1754 Incredulorum
970 1669 1089 1783 Capi-

136 1784 203 1878 ta,'
226 1787 413 1890 precipua
441 1777 621 1862 invenias
651 1777 852 1890 requisita,
876 1809 1005 1894 quae,
1041 1782 1093 1866 ad

135 1885 413 1994 Controverfias
448 1887 543 1972 reb‘e
574 1879 825 1996 intelligendas
853 1883 910 1982 ἐς
929 1891 1095 2002 refutan-

131 2004 218 2100 das,
244 1997 452 2086 neceffaria
482 1996 594 2089 suntr
640 1997 730 2084 Ubi
749 1998 868 2096 ,fimul
898 1999 1096 2089 Adversu-

129 2115 275 2198 riorum
299 2109 553 2226 Hypotheses
582 2138 720 2196 omnes
746 2111 785 2195 in
802 2107 958 2224 Syliema
986 2115 1094 2224 prius

128 2227 310 2314 remoue,-
342 2224 432 2309 Ubi
451 2224 572 2306 Error
590 2224 790 2334 primarius
813 2225 1009 2321 deterius,
1034 2253 1094 2312 re.

127 2337 306 2452 iiquique
364 2333 544 2420 uomodo
559 2332 650 2417 inde
673 2338 793 2419 fluant
811 2339 851 2422 &
874 2337 925 2420 ad
943 2336 1094 2421 huncce

123 2453 316 2535 tuendum
387 2447 515 2545 ciant,
543 2443 747 2530 ostensum.
832 2448 920 2531 Ubi
953 2442 1096 2551 Currffiz,

125 2557 280 2668 Occufio
295 2555 354 2653 Θ*
369 2557 502 2642 Fontes
519 2557 671 2641 Erroris
690 2555 868 2642 indicari.
907 2559 995 2644 Ubi
1008 2560 1094 2642 Pri-

123 2675 250 2757 murr'ae
293 2667 618 2761 Adversariorum
656 2666 911 2780 Hypoiheseos
942 2667 1091 2778 falfitus

119 2777 875 2980 {¹12{iiiiii³⁸’1i‘iiif323ssi‘20r
885 2807 1032 2975 5322?
1038 2809 1093 2976 'ii

118 2997 579 3125 objeiiionessolutaesuni.
610 3005 652 3083 in
666 3000 708 3084 id
719 3025 927 3112 propterea
948 2921 1092 3089 fuiriius

116 3117 291 3214 intenti,
315 3141 358 3200 ut
372 3116 452 3200 tale
472 3113 513 3196 in
532 3113 731 3209 Ecciefiae,
757 3118 798 3198 δε
822 3111 1095 3200 Studiosorum
1244 3224 1249 3234 Ι

114 3228 357 3340 Theologiae
386 3227 598 3338 praecipue,
627 3221 734 3308 usum
764 3251 1093 3336 componeremus

113 3343 302 3455 Systema
331 3337 599 3436 Elenoiicum,
641 3343 706 3421 cui
735 3337 884 3424 nullum
911 3365 966 3424 ex
998 3366 1095 3450 prer-¹

113 3454 250 3567 eipuis
281 3449 385 3536 hisce
411 3447 603 3578 requisitis
632 3447 790 3533 deeffet.
1008 3463 1015 3470 ’

177 3676 336 3759 Primus
355 3665 696 3784 nuncSystematis
718 3669 828 3778 hujus
839 3671 989 3752 Tomos
1006 3695 1095 3778 pro·

119 3785 181 3874 dit
213 3783 369 3869 nonnisi
401 3783 674 3890 QUINQUE
711 3780 922 3872 CAPiTA
958 3781 1096 3975 {iffi-
