2560 4466
171 391 254 484 418
429 372 517 488 cup.
545 371 625 458 ΙΙΙ.
651 372 932 486 Demonstraiio

170 567 437 644 communione
465 543 614 644 erterna
641 562 768 642 versari
800 565 971 664 puiiunt,
1000 567 1150 670 reliquis
1261 643 1262 650 r

170 661 358 744 Societutu
371 663 542 740 membris
561 683 632 762 qua
657 663 742 740 tales
759 686 837 740 non
857 667 944 742 uoti.
1184 667 1188 682 '

535 813 560 900 §
584 805 773 888 MDXVI.

242 929 301 1010 lili
317 941 533 1030 propterea,
559 929 623 1026 qui
645 927 689 1004 ad
707 929 1007 1009 communionem
1026 947 1149 1010 exter·
1261 959 1262 962 ¹

169 1045 411 1108 namtantum
458 1029 632 1110 ertinent,
656 1024 794 1125 semper
810 1027 1155 1124 distinguendiiunt'
1261 1051 1262 1108 i

169 1129 214 1206 ab
239 1127 303 1214 iis,
331 1125 394 1221 qui
423 1050 527 1199 dumi
548 1125 725 1198 internum
756 1123 912 1209 habent,
942 1130 1150 1204 nonenim
1261 1183 1262 1204 r

169 1246 298 1301 omues
313 1219 392 1298 sunt
408 1218 508 1297 lsrael
526 1221 588 1318 qui
607 1219 686 1296 sunt
704 1243 750 1296 err
764 1219 886 1306 lsrael,
908 1217 1013 1298 Rom.
1024 1221 1091 1302 IX.
1104 1245 1141 1316 7.

168 1322 206 1396 δι’
231 1321 268 1394 ἰη
291 1339 420 1414 magna
449 1316 564 1393 domo
591 1315 722 1395 dantur
742 1315 818 1396 raia
835 1317 880 1397 ud
900 1317 1010 1398 decus
1035 1321 1072 1398 dc
1097 1321 1146 1400 ad

167 1415 336 1502 dedecus,
363 1432 396 1502 2.
411 1409 507 1491 Tim.
529 1411 573 1490 li.
600 1431 657 1488 20.

525 1566 560 1652 5.
585 1557 795 1639 MDXVII.

233 1677 279 1758 Et
304 1679 389 1756 licet
420 1679 610 1756 communi
638 1674 798 1751 fidelium
826 1673 994 1752 Societnti
1021 1676 1145 1755 multo

166 1777 434 1856 conducibilius
455 1797 523 1851 nec
544 1771 876 1871 minus'optabiiius
894 1769 991 1850 effen
1008 1790 1048 1852 ut
1061 1791 1147 1856 tuta

167 1873 300 1952 Civitas
313 1876 357 1949 nb
373 1873 545 1948 omnibus
567 1861 704 1946 civibus
723 1872 913 1946 communi
933 1871 1035 1963 buno
1054 1891 1145 1970 pro·

165 1972 355 2048 movendo
374 1973 493 2046 minue
518 1969 666 2044 utilibus
682 1989 771 2078 pura
796 1965 892 2054 effer,
909 1968 967 2043 cui
985 1971 1035 2044 rei
1045 1967 1143 2144 ἕρΐιε

166 2070 273 2144 etiam
292 2065 566 2164 invigilandum,
596 2089 643 2139 ne
660 2063 839 2155 eJusmodi
857 2063 1024 2142 homines
1084 2066 1145 2143 so.

164 2163 357 2241 rificationi
374 2164 502 2238 divinae
514 2178 623 2258 utque
637 2159 896 2258 pulchritudini
906 2159 1065 2238 Civitatis
1081 2163 1143 2240 uf-

163 2258 304 2352 ficiunt3
330 2276 450 2336 tamen
476 2257 662 2356 Sapientiae
700 2255 830 2334 divinae
848 2258 982 2354 placuit
1002 2259 1048 2336 ita
1067 2283 1142 2358 gu-

164 2358 314 2433 bernare
332 2357 512 2432 civitatem
524 2353 620 2431 suam
638 2368 677 2430 ut
691 2351 773 2428 mali
790 2355 894 2430 mixti
911 2356 1015 2432 bunis
1032 2359 1069 2432 in
1097 2359 1144 2434 il·

162 2452 197 2530 la
221 2455 324 2530 omni
347 2469 514 2552 tempure
534 2455 779 2552 reperiantur,
807 2469 864 2527 eas
890 2453 1070 2550 praecipue
1088 2458 1145 2536 ob

163 2547 317 2636 caulius,
345 2564 386 2628 ut
410 2551 525 2627 carnis
542 2553 591 2626 iun
620 2551 755 2626 utentia
780 2572 826 2625 eu
847 2552 960 2646 magis
983 2549 1139 2649 patefiat,
1261 2579 1262 2588 ¹

163 2647 341 2726 u'tfidelee
363 2671 408 2724 eo
425 2650 563 2726 cautius
587 2573 650 2723 ghi
668 2661 813 2722 caveant
836 2669 882 2722 ne
901 2670 947 2724 ex
967 2645 989 2721 ir
1043 2653 1141 2727 ocri-

161 2760 282 2822 tarum
302 2767 458 2860 numero
486 2743 575 2838 fint,
591 2761 632 2824 ut
651 2741 797 2822 taudem
813 2744 915 2844 impii
941 2669 1140 2828 redduntur
1261 2831 1262 2834 p

169 2851 406 2928 &rennuentem

509 2987 544 3077 d·
569 2983 792 3066 MDXVliI.

190 3151 196 3160 ·
235 3111 370 3192 Civitas
378 3107 450 3192 Dei
468 3113 518 3188 est
532 3117 645 3190 mixta
663 3113 765 3189 maiis
781 3111 830 3204 (ὅ.
844 3113 1038 3212 praeced.)‚
1051 3115 1139 3198 hinc
1227 3151 1230 3160 ·

162 3209 342 3290 crescente
363 3209 509 3287 iliorum
530 3231 685 3287 numero
711 3208 862 3288 Ecclesia
884 3229 1031 3292 externa
1056 3229 1138 3292 tum

162 3311 302 3384 ratione
321 3304 546 3404 profeffionis
568 3308 673 3393 fidei,
701 3321 779 3383 tum
802 3308 920 3387 cultus
937 3312 1050 3388 divini
1073 3331 1139 3388 ex-

160 3407 274 3491 terni,
299 3419 379 3481 tum
396 3423 546 3483 unorum
575 3407 622 3482 ita
642 3405 761 3504 potest
778 3410 983 3506 corrumpi,
1004 3427 1044 3484 ut
1059 3408 1138 3488 haec

161 3505 407 3600 corruptiuiu
426 3505 626 3581 maximum
649 3499 785 3580 Gloriae
805 3503 934 3582 divinae
950 3523 1059 3604 utque
1073 3505 1136 3584 Se·
1261 3519 1262 3540 *

159 3597 244 3674 lutis
257 3602 455 3674 animarum
480 3615 630 3686 aeternae,
648 3622 716 3674 nec
736 3621 810 3674 non
824 3599 964 3680 decoris
974 3600 1137 3682 Civitati·

158 3693 233 3772 Dei
250 3695 508 3774 detrimentum
527 3696 651 3784 cedat,
677 3695 840 3794 adeoque
849 3697 928 3776 finis
942 3698 1049 3796 hujus
1067 3699 1137 3778 So·

146 3795 294 3869 ¹cieratis
310 3815 386 3868 nun
414 3793 630 3874 obtineatur.
