2588 4464
13 1691 14 1704 Ν
126 1625 236 1702 etiam
252 1625 393 1704 Malum

343 366 564 484 {irritatum
580 325 930 478 Theologiraerum
968 391 987 479 g
1017 401 1093 487 171
1199 436 1205 488 r

129 521 172 639 fit
199 559 237 634 in
261 557 525 644 antecedente,
556 571 598 636 ut
625 557 743 656 polito
772 581 875 646 uno,
904 562 1097 653 netellario
1162 618 1166 630 ,

130 657 237 734 etiam
267 669 424 755 ponatur
448 657 554 748 alter3
583 679 668 734 cunr
690 679 798 755 ergo,
825 656 889 732 nili
917 655 1097 739 Miraculo
1149 685 1152 693 ·

130 753 220 830 elius
236 770 377 830 creetur
399 754 513 838 ordo,
536 752 642 830 stator
668 755 851 830 moraliter
869 757 1098 854 imperfellur
1245 821 1251 836 ,

127 850 238 927 semel
267 851 458 948 inceperit,
484 847 612 927 cellere
646 873 723 928 oon
760 851 896 948 potest,
951 857 1099 932 urmdio

130 964 294 1026 creatura
321 945 500 1023 rationalis
513 1015 515 1028 ,
530 945 648 1024 existit
665 975 678 1019 r
701 945 766 1024 Uti
781 961 901 1025 autem
924 873 962 1026 ᾖ
975 949 1099 1040 „habet

128 1039 289 1140 respeou
310 1043 569 1122 Malimoralin
595 1045 703 1122 etiarn
713 1041 782 1120 lese
796 1043 915 1132 hebet,
940 1045 1100 1146 respetru

155 1140 286 1240 hylici3
311 1145 397 1240 quia
423 1139 560 1218 Malum
585 1139 784 1240 physicum
797 1139 991 1220 necelsatio
1010 1167 1098 1226 com

127 1163 236 1316 litato
256 1239 384 1316 morali
410 1236 645 1331 conjoudtum
672 1239 743 1332 ell3
768 1237 855 1318 binc
875 1241 981 1334 etlam
1005 1256 1097 1320 taluc

123 1335 193 1410 diu
232 1339 483 1422 continuetur,
507 1334 679 1430 quuordiu
694 1333 799 1412 durat
814 1333 955 1414 Malum
979 1361 1098 1418 moru-

125 1429 183 1524 le;
210 1432 347 1508 morale
369 1453 456 1508 vero
475 1432 611 1507 tamdiu
634 1431 770 1518 durat,-
830 1435 976 1512 uaurdio
1000 1457 1097 1534 cren·

125 1539 209 1604 tura
246 1528 427 1605 rationalis
455 1528 638 1606 moraliter
665 1529 817 1627 imperle
895 1529 1022 1608 duret:
1049 1533 1095 1612 E.

125 1721 250 1834 lubet,
267 1745 342 1798 non
355 1623 1098 1835 οεῦξῗῖᾙιιζιῦἰῗιυὲἒεαῑιῗὲῗίἷέῑᾚιὲἓῃ

125 1821 210 1900 ltter
225 1819 430 1914 imperfecta
452 1821 590 1908 exiliit,
620 1816 718 1912 unde
735 1818 1098 1902 existentrucreaturae

124 1917 311 2010 moraliter
323 1915 538 2015 imperfellae
559 1937 644 1991 cum
665 1916 871 1990 continuata
894 1913 1097 1996 Poenaedu·

126 2015 268 2090 rarione
291 2013 481 2108 conjuncta
506 2011 585 2098 est,
612 2026 653 2087 ut
675 2033 790 2087 unum
811 2013 856 2086 eb
880 2011 994 2090 altero
1017 2039 1096 2094 non

126 2108 230 2188 aliter
249 2107 313 2186 nilr
328 2109 508 2188 Miractllo
524 2108 672 2207 separari
695 2105 821 2206 polit,
847 2131 923 2208 quo
943 2127 1021 2187 turn
1036 2137 1096 2190 or-

126 2203 179 2282 do
199 2205 478 2306 imperfectionis
492 2203 656 2292 morulis,
684 2218 763 2282 trim
783 2201 874 2294 Muli
891 2204 1027 2308 phyfici
1042 2215 1098 2287 in.

124 2300 332 2380 defluentis
348 2304 498 2382 tollitur.
561 2300 752 2400 Postquam
770 2325 861 2398 ergo
887 2309 1099 2402 continuata
1133 2388 1136 2395 ,
1164 2311 1167 2318 ’

123 2413 299 2484 creeturae
327 2399 507 2482 rationalis
532 2399 942 2495 moraliterimperlellae
955 2401 1099 2484 duratio

125 2495 372 2600 demonstrata
394 2499 465 2583 est,
494 2496 649 2594 &quod
670 2489 810 2570 nullum
821 2497 1098 2594 ampliuslllira.

126 2593 256 2670 colum
270 2591 375 2692 pollit
393 2591 635 2676 intercedere,
658 2591 759 2690 quod
776 2591 1014 2674 statumillum
1029 2601 1098 2674 im.

123 2703 268 2776 mutet,
308 2693 415 2767 etiam
435 2687 609 2768 aeteruitas
627 2685 841 2792 Poenarum,
863 2701 993 2788 utpote
1011 2691 1099 2772 Mali

127 2786 269 2886 physici
299 2809 346 2864 ex
365 2785 470 2866 Malo
491 2783 619 2862 morali
634 2781 826 2862 necessario
846 2782 1013 2876 fluentis,
1035 2788 1098 2866 de.
1138 2830 1140 2838 ,

122 2883 395 2964 monstrataell.
449 2882 491 2960 ld
509 2880 1097 2982 autemutnuncfuciamos,prin.
1159 2933 1165 2945 ,

123 2981 222 3078 cipia
245 2977 450 3060 sufficientia
480 2979 588 3056 nobie
619 2975 827 3056 adhucdum
872 2977 1027 3068 desunt,
1058 2985 1097 3060 dc

123 3089 321 3176 propterea
341 3080 379 3153 in
408 3075 524 3154 ullum
562 3075 687 3153 locum
715 3071 932 3161 differimus:
960 3077 1093 3170 Quod,
1243 3096 1259 3122 r

124 3195 211 3252 num
236 3173 309 3260 ,vel
340 3173 446 3273 quale
471 3187 592 3252 autem
626 3169 840 3248 miraculum
867 3167 937 3248 ello
966 3170 1112 3268 possit,-

123 3291 204 3368 quo
224 3266 364 3347 Deusd
393 3269 564 3348 Creatori
588 3267 772 3344 moraliter
790 3269 993 3366 imperfecta
1015 3285 1095 3350 tum

122 3363 270 3448 Malum
288 3367 447 3452 morale,
473 3383 553 3444 tum
573 3363 760 3464 physicum
777 3360 845 3438 five
861 3361 1098 3446 Poenamauf.

68 3527 72 3538 ,
123 3462 240 3552 ferre,
267 3465 432 3560 adeoque
463 3463 631 3560 ordinem
655 3461 762 3536 llatus
789 3463 957 3540 naturalis
977 3463 1096 3542 homi·

124 3562 184 3637 uis
202 3561 402 3658 peccatoris
417 3561 595 3638 invertere
608 3556 748 3656 potest,
770 3579 816 3632 ex
833 3561 1015 3661 principiis
1029 3559 1098 3640 Ra.

124 3659 243 3739 tionis
257 3679 334 3734 nou
351 3658 512 3744 conllat,
531 3659 698 3769 adeoque
706 3675 754 3732 ex
769 3653 842 3734 allo
851 3653 984 3740 dehinc
993 3661 1093 3758 prin.

124 3755 228 3856 cipio
249 3753 570 3842 demonstrandum
595 3767 673 3834 ent
797 3809 807 3828 ,

782 3995 811 4017 ,Ι
941 3889 1096 4004 'Septi-
1250 3981 1254 3990 ,
