2580 4470
157 473 162 482 ,
206 389 287 482 556
473 305 628 484 canis.
665 365 892 478 DeHaereli

524 559 557 646 i·
587 555 845 638 mculxvul.

237 631 241 640 ⁴
264 667 356 762 .Qui
373 669 445 746 hoc
457 671 569 746 modo
584 672 728 754 erretis
740 666 940 767 Religionis
954 663 1180 744 fundamen-

144 827 153 842 ,
205 778 284 844 tum
299 765 451 852 subruit,
475 787 552 842 oon
571 767 620 842 ob
640 764 778 842 nudum
795 761 960 844 Erturem
976 763 1179 839 Theoreti-

205 885 303 948 cum,
326 885 433 959 quem
453 877 573 938 mente
589 863 762 958 concipit,
786 859 844 936 led
863 863 945 959 quia
963 858 1070 936 Error
1092 859 1179 942 tulis

82 1013 85 1030 .
203 955 377 1150 {intimant
394 959 588 1056 extinguit,
610 957 683 1036 line
696 981 766 1056 qua
780 956 878 1035 nulla
893 957 942 1034 est
954 954 1053 1035 salus.
1068 951 1172 1035 Heb.

535 1157 571 1243 ᾗ.
599 1147 831 1229 MCMXlX.
934 1187 941 1194 ·

276 1267 421 1368 Religio
448 1269 648 1350 Peccatoris
668 1287 741 1348 tam
763 1267 993 1368 Religionem
1013 1263 1178 1348 Natum·

202 1368 297 1454 lem,
326 1392 433 1466 quom
454 1367 658 1446 Revelatam
675 1367 924 1463 complectitur
945 1364 998 1455 (§·
1014 1367 1174 1458 ,1861.),

151 1481 153 1488 '
203 1482 354 1563 utraque
376 1465 481 1541 habet
508 1463 586 1542 suus
608 1465 786 1540 Articulos
804 1459 1090 1540 fundamentales
1110 1462 1173 1550 (5.

205 1573 308 1649 1863.
337 1567 477 1658 1877.):
510 1557 599 1638 inde
618 1563 724 1635 etiam
746 1557 896 1636 nuscitur
915 1556 1085 1635 Eurorum
1104 1557 1177 1632 dif-

95 1689 100 1700 ’
198 1658 376 1744 ferentia,
408 1661 470 1756 qui
489 1659 766 1744 committuntur
785 1671 845 1732 aut
864 1669 989 1732 contra
1005 1651 1173 1748 Religio-

202 1755 258 1832 nis
276 1751 453 1832 Naturalis
475 1754 537 1830 uel'
550 1752 769 1851 Principium
791 1751 859 1828 five
875 1750 1171 1836 fundumentum,

145 1891 149 1898 ·
202 1849 262 1926 vel
279 1853 507 2022 principiam,
532 1864 592 1926 aot
610 1865 735 1926 contra
751 1847 925 1927 Revelatae
946 1846 1016 1922 five
1040 1846 1176 1924 funda-

201 1967 368 2024 mentum
402 1973 459 2026 sve
481 1946 663 2024 Articulos
685 1947 769 2022 inde
788 1945 971 2024 dedutios.

544 2085 578 2169 s.
608 2042 826 2158 ulcuxx.

233 2221 237 2229 ·
276 2188 353 2275 llli,
390 2190 453 2284 qui
477 2187 591 2284 ipsum
615 2187 814 2286 Religionis
837 2185 1015 2266 Naturalis
1038 2185 1174 2265 funda-

202 2299 367 2386 mentum
384 2301 491 2378 atque
510 2284 730 2360 existentiam
749 2283 970 2374 inficiantur,
992 2298 1174 2360 vocantur

202 2381 262 2458 vel
279 2379 384 2458 elthei
406 2378 461 2452 vel
479 2378 655 2477 Sceptici,
682 2381 769 2458 dum
788 2382 833 2460 de
850 2405 889 2464 re
906 2380 966 2462 suu
986 2405 1064 2460 noo
1080 2383 1174 2490 certi

201 2477 305 2565 sunt,
344 2473 466 2552 saltem
487 2475 663 2558 dubitant
804 2474 807 2495 ¹
1047 2495 1050 2502 ·

323 2687 326 2694 .
539 2605 573 2691 δ·
598 2594 833 2682 MCMXXI.
918 2685 921 2690 ,

188 2747 203 2807 ς
277 2711 475 2810 Dogmata,
497 2736 576 2810 quae
598 2739 644 2796 ex
658 2713 820 2816 Rationis
837 2715 1018 2816 principiis
1030 2713 1076 2794 de
1098 2711 1173 2792 Re-

204 2810 343 2908 ligione
362 2811 652 2905 cognoscuntur,
685 2814 837 2890 dicimur
860 2821 974 2898 Scires
997 2836 1049 2912 ,eu
1068 2835 1170 2899 vere,

163 2940 166 2945 ·
205 2931 287 3006 qug
305 2929 370 3003 per
393 2904 660 2984 Revelutiunem
681 2911 784 2986 nobis
805 2909 1055 2996 innotescunt,
1080 2909 1172 2984 clici-

205 3025 289 3082 snur
303 3003 451 3087 Credere,
479 3004 575 3080 unde
593 3004 738 3086 illorum
758 3030 822 3104 per
841 3005 966 3086 Fidem
983 3007 1071 3088 certi
1088 3005 1171 3086 ted.

205 3099 351 3195 dimus,
376 3101 428 3176 uti
475 3102 610 3178 tiorum
631 3125 694 3196 per
716 3102 914 3193 scientiam.
947 3179 951 3188 ,
975 3101 1169 3199 Propterea

206 3195 277 3282 illi,
309 3197 373 3294 qui
393 3122 589 3294 Reiigionis
616 3197 789 3276 Revelatae
810 3201 1025 3297 principium
1045 3198 1102 3274 vel
1123 3221 1171 3276 ex

207 3305 283 3368 tota
302 3291 358 3366 uel
373 3316 419 3367 ex
434 3310 532 3392 purte
552 3293 780 3390 inficiantur,
807 3309 984 3372 vocantur
1004 3294 1065 3369 vel
1085 3293 1172 3370 lofi-

207 3386 306 3464 deles
325 3389 381 3462 uel
403 3387 591 3475 increduli,
615 3390 703 3467 dum
723 3389 803 3466 fidei
830 3391 972 3467 nullum
988 3390 1094 3490 plane
1115 3389 1172 3468 lo·

171 3498 176 3534 ²
208 3481 397 3564 comdant
422 3487 478 3560 vel
498 3485 860 3586 saltempraecipuum
890 3485 1172 3582 eius‘objeilum

208 3601 286 3660 ooo
308 3577 509 3657 admittunt.
580 3579 710 3678 Peioris
731 3587 872 3684 generis
897 3581 977 3660 suot
992 3581 1170 3670 Gentiles,
1272 3597 1273 3601 '

207 3673 298 3753 dum
317 3671 545 3770 Religionem
573 3677 953 3760 Reveiutam'omnino
974 3683 1171 3777 ignorant;

207 3768 280 3866 ,vo
291 3775 713 3897 Naturalstellilgfiiphici,
732 3779 794 3878 qui
807 3778 953 3882 quidem
969 3775 1174 3870 Reuelutio·
