2560 4466
324 91 342 134 s

363 327 578 416 Venturum
597 295 913 442 Theologicerutn.
957 411 961 421 r
1036 356 1116 438 453

32 487 41 494 ’
149 517 304 600 Ecclella
323 515 593 598 communionis
606 515 756 602 testatio,
776 513 919 610 publica
934 513 1017 593 lidei
1032 523 1121 618 ”pto-
1167 506 1172 526 s

15 635 19 645 “
148 617 264 703 fellro,
286 631 394 714 atque
414 615 456 689 ad
472 612 621 690 Cultum
642 615 715 689 veti
728 611 800 690 Dei
814 612 1001 710 obligatio,
1021 637 1120 692 mot-

151 719 196 796 tis
215 716 250 792 ta
272 711 533 809 teluttellionis
547 706 676 790 Christi
691 712 930 807 pqrticipatio,
949 712 989 785 δι’
1001 711 1120 788 bono·
1176 731 1179 744 ¹

149 835 232 887 rum
256 810 341 884 inde
366 807 645 884 redundantium
672 804 902 886 confirmatio
932 806 1119 886 oecellaria

11 929 12 940 ¹
128 907 231 984 est:
261 903 356 984 Cum
384 927 472 980 vero
491 902 550 978 hic
571 900 613 979 ut
632 901 714 978 finis
734 900 901 1000 Baptismi
927 908 944 994 (
956 903 990 992 ς.
1013 915 1114 996 1635.

10 1133 11 1146 ¹
143 1122 339 1204 *nunquam
363 1095 503 1180 collate.

10 1023 11 1036 ¹
77 1067 79 1071 .
154 1013 258 1091 1638.
291 1010 447 1094 1639.);'
477 998 646 1100 Sequitur
667 999 762 1076 illius
788 998 944 1080 usumin
966 999 1119 1082 uectem

219 1270 267 1306 a
400 1311 402 1316 ,
469 1241 526 1348 [ς.
556 1238 773 1320 MDCXLl.
827 1329 828 1332 q

226 1359 509 1446 Sacramentum
529 1359 609 1437 ulus
624 1359 769 1437 illorum
788 1373 939 1462 propter
954 1377 1118 1444 externas

14 1475 26 1484 ”
149 1461 428 1540 circumstantias
444 1458 484 1533 fit
499 1455 738 1554 impollibilis,
771 1453 905 1555 absque
918 1459 1046 1538 Salutis
1061 1465 1115 1538 di-

148 1557 300 1657 spendio
316 1553 462 1658 pollunt
477 1555 664 1630 intermitti
682 1559 737 1650 (5.
757 1557 912 1648 1630.)‚
940 1559 1117 1658 neque-il.

5 1653 8 1724 i
147 1655 183 1732 la
194 1677 264 1754 per
281 1652 315 1729 l'e
334 1677 407 1728 tem
428 1649 657 1750 significatam
672 1649 887 1737 conferunt,
909 1651 1117 1731 hominem-

5 1741 12 1843 ἶ
148 1775 222 1852 que
235 1748 460 1834 santlillcant,
477 1771 545 1824 nee
558 1749 663 1823 etiam
678 1747 792 1852 homo
806 1763 958 1846 propter·
967 1749 1116 1828 illorum

2 1844 10 1955 ᾗ
148 1849 342 1924 carentiam
366 1844 575 1920 damnabilis
602 1844 660 1919 eli
694 1843 754 1931 (§.·
777 1849 932 1938 1631.):
983 1845 1020 1924 E.
1049 1871 1117 1926 nec

2 2007 5 2018 .
148 1940 348 2042 Baptismus
366 1959 438 2018 tam
460 1938 666 2018 neceffatius
685 1942 754 2027 est,
781 1957 823 2018 ut
846 1939 962 2018 horno
981 1945 1117 2042 absque
1225 1964 1230 1980 ‘¹

2 2023 9 2112 ,ἶ
147 2039 438 2225 Ξείὥείειὲιᾶυτα
469 2037 534 2118 illo
566 2059 685 2116 catere
714 2061 790 2115 non
813 2035 929 2138 polit
979 2037 1130 2118 Mattlt¹

741 2235 749 2265 s
970 2239 973 2242 ,

0 2308 3 2339 t
104 2341 107 2346 ,
190 2283 244 2351 Uti
260 2281 341 2347 enim
358 2301 424 2346 cum
436 2277 621 2350 cerimoniis
639 2280 670 2344 ln
689 2298 798 2365 genere
817 2281 849 2345 bt
869 2282 1065 2364 sacramentis
1083 2285 1116 2350 in

1 2403 2 2411 κ
230 2361 331 2446 specie
344 2379 545 2443 comparatum
562 2357 615 2429 est,
634 2360 677 2424 itu
697 2361 788 2424 eriam
806 2381 875 2424 cum
894 2361 1117 2448 Baptismol'ele

229 2441 341 2510 habet,
361 2458 394 2503 ut
410 2439 492 2502 aelus
509 2456 647 2501 externus
663 2459 723 2502 non
739 2439 925 2520 larttlifitet3
952 2443 1041 2510 Unde
1059 2463 1116 2508 nec

231 2521 395 2604 Baptismus
411 2521 451 2588 ita
470 2515 693 2586 conllderandus
704 2516 765 2590 est,
788 2539 823 2582 ac
836 2521 856 2582 st
869 2539 921 2604 pet
934 2520 963 2586 se
979 2525 1019 2585 ati
1031 2523 1116 2586 Salu-

231 2617 294 2666 tem
310 2599 453 2666 ducetet,
472 2597 522 2660 sed
538 2613 661 2678 propter
674 2600 871 2661 reverentiam
887 2601 1023 2682 praecepti
1042 2601 1116 2666 divi·

230 2683 261 2747 ni
282 2676 471 2760 recipiendus
489 2674 542 2744 ea,
562 2675 716 2740 nonenim
735 2677 873 2756 baptismi
892 2679 1029 2750 carentia,
1052 2701 1115 2764 quat
1159 2691 1162 2695 “

185 2814 187 2818 .
231 2760 266 2823 llt
281 2759 390 2842 absque
409 2755 505 2820 nostre
523 2754 609 2836 culpa
619 2793 630 2825 ,
648 2753 697 2816 led
713 2753 793 2819 illius
811 2775 980 2832 contemtus
995 2759 1117 2824 damna·

228 2839 304 2904 biles
318 2857 373 2901 nos
388 2835 496 2900 reddit.
538 2833 634 2899 Dolet
652 2833 769 2896 interim
785 2853 845 2904 nnn
860 2836 1115 2922 baptizarusaduln
1156 2849 1160 2852 “
1272 2840 1273 2852 ’

230 2937 278 2984 tus
299 2913 320 2980 st
340 2914 490 2982 invifibilis
510 2912 618 2978 Gratia
633 2909 749 2978 ribbile
768 2911 880 2998 signum
901 2919 932 2980 in
951 2914 980 2980 se
992 2917 1117 2982 admini-

229 2997 309 3062 llrati
328 2996 441 3084 nequit.
489 2997 524 3058 Et
545 2991 645 3058 Infans
660 3011 720 3054 non
737 2991 834 3087 potest
853 2993 979 3060 frulltari
1002 2999 1115 3069 Gratia,
1151 3045 1155 3052 ,

228 3078 321 3171 tujtts
333 3075 444 3160 signum
461 3090 585 3158 propter
603 3090 722 3138 atatem
741 3071 908 3140 infantilem
929 3091 1029 3158 petere
1053 3095 1115 3144 non

228 3171 339 3243 poturt.

484 3279 517 3370 t.
547 3277 803 3387 tuocum.1

224 3401 404 3504 Baptismo
422 3404 556 3504 absque
573 3391 703 3498 jauura
716 3401 843 3486 Salutis
855 3404 980 3506 aliquis
997 3427 1117 3486 curete

152 3505 271 3680 fotest
293 3503 509 3596 (§.1641.),
536 3504 808 3597 regeneratione
831 3527 908 3580 non
927 3505 1013 3580 item
1030 3501 1116 3604 Joh.

174 3602 215 3679 ll.
231 3619 261 3690 3.
297 3599 378 3678 Nec
397 3601 502 3674 etiam
517 3593 587 3672 fide
613 3597 726 3676 Marci
740 3597 841 3677 XVl.
859 3612 912 3675 16.
940 3597 1030 3678 Heb.
1046 3599 1111 3678 Xl.
1140 3673 1143 3678 .

153 3710 189 3774 6.
231 3721 299 3776 nec
324 3719 437 3795 porto
468 3707 636 3770 externus
665 3695 770 3788 huius
799 3695 1015 3776 sacramenti
1036 3695 1116 3774 usus

69 3793 77 3808 ‘
145 3791 964 3967 quenquamlanililloatepqtqstw.1631.):
987 3790 1028 3870 F„
1049 3793 1117 3870 bo-
1264 3849 1265 3858 t

623 3962 626 3968 ,
711 3907 728 3977 3
967 3969 974 3978 ,
1051 3913 1118 3968 mo
1178 3905 1183 3912 '
1260 3915 1265 3990 j
