2580 4470
252 331 296 392 Α
345 303 350 322 ’
404 322 487 437 five
506 318 710 410 Erroribus
727 322 841 416 Fund.
905 357 908 366 ·
1027 341 1105 432 58³
1158 309 1161 319 ¹
1250 350 1256 359 “

274 487 277 496 ’
384 605 386 612 ¹
451 487 493 602 a.
520 507 804 592 ncnexxv.
907 593 910 596 ,

193 631 260 714 Xl.
289 633 407 714 Etne
424 641 504 737 quis
515 638 559 712 ab
576 637 719 714 alterius
743 633 905 714 Ecclefiae
925 635 1115 714 concioni·

143 733 213 808 bus
237 734 423 810 audiendis
443 735 652 818 abhorreat,
684 730 945 818 Controverllae
966 733 1033 810 illae
1061 729 1114 810 ibi

143 829 329 906 trudanda
347 842 423 908 non
446 830 538 914 sunt,
560 831 778 927 domnoque
792 829 1112 906 odlanditatisstu-

146 926 247 1002 dium
269 927 466 1024 quidquam
485 927 639 1013 faciunt,
665 927 702 1002 δι
717 929 882 1004 maxima
898 925 1116 1004 Auditorum
1153 998 1179 1007 ..

145 1027 252 1118 partis
273 1039 419 1120 captum
439 1025 614 1122 superant,
635 1024 672 1098 uz
690 1021 1115 1117 liciusmoditextustra-

102 1170 105 1178 -
146 1119 291 1194 (landus
312 1121 373 1206 lit,
396 1124 515 1196 omnis
538 1117 689 1196 offenfio
703 1119 844 1196 vitanda
863 1121 957 1216 &lta
974 1119 1115 1196 institu·
1159 1169 1160 1174 =

145 1217 237 1292 enda
250 1216 295 1292 ¹5.
313 1214 464 1304 Oratio,
490 1231 536 1299 ut
547 1217 591 1292 ad
607 1217 772 1308 omnium
787 1216 1022 1313 praesentium,
1033 1216 1116 1292 illo·

78 1315 81 1323 '
113 1387 117 1396 ,
144 1335 226 1388 rum
247 1315 354 1388 etia'm
380 1316 443 1412 qui
463 1313 562 1389 alteri
583 1311 746 1390 Ecclesiae
772 1336 908 1388 nomen
934 1313 1114 1389 dederunt
1153 1387 1156 1404 ,

145 1410 416 1495 aedificationem
436 1411 472 1484 du
501 1411 695 1508 praejudicii
705 1412 946 1496 remotionem
960 1409 1115 1488 inflecta-

143 1519 221 1590 tur,
249 1529 366 1604 neque
389 1507 586 1604 quidquam
606 1509 817 1604 incongruis
831 1505 1113 1605 exprafflonibus
1216 1520 1219 1537 ¹

144 1623 190 1680 ox
212 1603 339 1678 affeetu
358 1607 584 1680 manantibus
611 1603 869 1702 proferendum
884 1605 943 1680 est.

468 1763 501 1851 o.
533 1717 833 1852 ncnnxxui.

174 1875 276 1961 Xil.
304 1878 521 1981 Exemplum
545 1881 676 1962 Christi
705 1885 742 1960 &
760 1880 1112 1988 Apostolorumsuo·

142 2000 224 2052 rum
242 1976 440 2075 sequamur,
458 1982 521 2080 qui
536 1981 743 2060 charitatem
758 1995 867 2079 atque
888 1980 1114 2056 tolerantiam

140 2072 212 2148 sem
263 2079 347 2152 r·&
370 2077 506 2176 ubique
527 2075 852 2174 commendarunt,
885 2100 1003 2174 neque
1030 2077 1115 2167 alias
1188 2149 1195 2162 ,

74 2209 77 2222 v
142 2168 1114 2272 Eccefias,dequibusconstnt,quodinparvimomen-

140 2269 168 2344 ti
179 2269 282 2342 rebus
297 2269 317 2348 ὲι
336 2273 440 2346 nobis
456 2269 668 2358 dilientiant,
683 2269 1113 2372 propterdiscrepantiam

141 2361 238 2440 illam
248 2345 479 2451 damnenstts,
497 2367 555 2442 sed
571 2371 692 2466 potius
710 2391 779 2443 nos
798 2369 933 2466 ubique
943 2365 1114 2465 pacificos

142 2459 399 2548 exhibeamus,
422 2463 522 2560 quod
545 2461 876 2550 fiomnesfaciant.
900 2463 1135 2542 etiamad..

141 2549 211 2632 lios
222 2556 267 2634 ad
279 2561 513 2636 concordiam
537 2561 683 2639 viserit
1130 2592 1133 2598 ’

405 2719 410 2732 ’
437 2729 469 2818 S·
493 2727 813 2809 MCMLXXV-ll.

188 2844 289 2926 Xlll.
316 2846 456 2926 Omnes
478 2852 573 2928 tricae
596 2847 815 2928 scholasticae‘
839 2843 877 2922 dt
901 2841 1114 2944 questiones

140 2941 357 3042 infrugiferas
383 2947 567 3034 evitandae,
587 2947 623 3024 u
642 2949 765 3045 potius
791 2941 1118 3026 verumsantlitatis.

140 3041 295 3116 {ludium
328 3045 365 3118 δι
402 3047 480 3118 viva
513 3045 550 3118 in
584 3042 769 3120 Christum
799 3039 889 3116 fides
911 3036 1115 3138 Religionis
1175 3050 1177 3054 ’

117 3134 344 3234 ΙΕῑιῐίίὶίεεηρε
366 3137 554 3228 Centrum,
579 3163 647 3218 nec
664 3142 782 3240 minus
801 3137 893 3214 A.·&
916 3147 959 3214 n,
974 3135 1113 3238 setnpct
1149 3153 1152 3168 ’
1286 3193 1287 3200 1

139 3233 177 3309 ἃ
196 3235 333 3334 ubique
348 3235 603 3332 inculcandum
624 3235 685 3314 etc
1028 3283 1030 3286 ·

429 3405 463 3491 s.
491 3373 826 3481 memixxvm.
861 3393 866 3406 ’

185 3501 288 3597 XIV,
310 3503 396 3584 Hoc
412 3507 527 3584 modo
553 3511 723 3600 charitate
743 3512 1034 3609 redintegrata&
1051 3511 1108 3592 via

134 3600 181 3676 ad
201 3625 326 3698 pacem
341 3606 461 3690 stratae
488 3608 532 3684 ab
555 3623 707 3705 utraque
728 3605 880 3686 Ecclesia
905 3609 1111 3688 conceden-
1151 3645 1154 3650 ·

127 3701 225 3774 vdum
255 3701 323 3788 est,
348 3718 389 3778 ut
414 3725 491 3777 non
517 3705 679 3782 obstante
703 3705 853 3782 dillensu
870 3708 907 3784 in
932 3705 1110 3788 non-fun-

90 3806 94 3816 ‘
139 3797 400 3880 damentalibus
424 3801 612 3900 uniusque
630 3800 794 3882 Ecclesia
823 3804 983 3885 membra
1004 3807 1111 3914 unius

106 3927 109 3932 Δ
492 3951 495 3959 .
1018 3923 1112 3998 ejus·
1275 3927 1278 3940 ·
