2580 4470
229 349 304 446 m
504 304 670 432 *co-V·
692 323 917 436 uereor
1034 257 1107 466 J

303 517 350 584 vel
372 513 543 582 Dodlrinam
573 513 837 582 fundamentalibus
866 515 1054 604 dogmatibus
1086 515 1199 583 adver·
1270 558 1271 596 i

305 598 388 674 sant,
423 617 486 682 que
507 595 655 670 bruleio,
684 599 732 661 cul
756 617 810 660 nos
830 598 1016 700 adjungimur
1037 615 1157 662 tuetur.

549 725 580 815 §.
602 723 867 804 lllClllXXlll.

48 819 55 846 ⁸
185 880 188 894 ·
298 843 410 938 Vario
423 857 541 920 autem
559 843 674 918 modo
688 843 1193 924 circaVeritateafundameu·

226 941 428 1022 utereturi
444 939 568 1035 potell,
589 939 643 1016 vel
665 943 760 1015 enim
784 943 908 1039 aliquis
931 945 1023 1018 bona
1047 942 1121 1018 lide
1141 968 1193 1018 er·

226 1054 337 1116 ratex
353 1039 573 1134 ignorantia,
597 1039 660 1134 qui
686 1052 804 1112 tamen
831 1043 969 1136 capitur
990 1063 1119 1114 amore
1132 1064 1194 1117 co·

255 1137 400 1210 nitionin
416 1133 580 1208 Veritatis
595 1135 631 1208 &
647 1131 776 1210 lincera
791 1133 924 1210 Pietate
939 1138 1195 1214 imbutus'ure·

226 1159 315 1307 dora
335 1227 419 1306 scire
436 1229 618 1313 desiderat,
641 1232 675 1304 dr
698 1230 875 1308 mausueta
895 1233 1128 1310 contidlione
1145 1231 1195 1308 fa·

225 1327 294 1406 cile
313 1329 349 1402 in
363 1349 480 1400 veram
497 1331 587 1400 viam
606 1326 810 1415 reducitur,·
828 1331 916 1404 dum
936 1352 1010 1404 non
1031 1334 1194 1424 pertina-

228 1427 316 1502 citer
337 1422 516 1498 sententiae
539 1423 606 1497 suae
626 1423 771 1510 inlrllit,
806 1425 863 1500 se‘d
884 1428 1017 1506 veritati
1035 1429 1196 1501 demon·

178 1531 180 1536 ’
227 1521 339 1598 strate
362 1521 488 1596 lubens
512 1541 637 1596 manus
658 1520 761 1596 vitias
783 1523 927 1618 praebet.

267 1671 313 1732 lta
332 1662 410 1729 inter
432 1663 553 1728 Plebem
575 1665 702 1752 ignaram
724 1665 843 1748 plurimi
862 1659 1009 1733 exiliunt,
1040 1665 1093 1748 qui
1116 1661 1195 1726 fallu

304 1747 413 1810 imbuti
426 1743 619 1825 opinionibus
633 1746 716 1808 nullo
732 1741 794 1808 fere
811 1744 936 1828 negotio
951 1745 1111 1808 ‘veritatem
1127 1744 1193 1823 iplis

302 1823 495 1888 ‚monstrando
505 1824 546 1886 ad
559 1824 713 1888 meliorem
725 1843 856 1900 mentem
867 1821 1013 1894 redeunt,
1035 1825 1068 1885 δε
1086 1825 1194 1903 praeju·

305 1903 420 1968 dicium
434 1904 546 1990 ,Nquud
565 1903 707 1968 haldenus
727 1900 887 1972 foverunt,
909 1901 1114 1972 confitentura
1136 1899 1195 1964 Sed
1274 1921 1275 1940 ¹

293 1983 384 2048 lraud
406 1985 469 2050 raro
491 1983 599 2054 eriam,
632 1982 824 2053 interillos,
877 1984 906 2058 ui
931 1981 968 2044 ad
991 1981 1196 2046 eruditionem

282 2063 452 2134 tendunt,
481 2061 632 2136 existunt,
664 2061 714 2146 qui
735 2080 841 2152 mente·
856 1999 907 2126 im
928 2059 997 2124 falsa
1016 2059 1197 2140 concipiunt

242 2174 249 2192 κ
304 2141 461 2226 dogmata,
492 2139 619 2224 sepofitis
634 2159 706 2203 vero
719 2141 897 2235 praeJudtciis
916 2141 1038 2205 meliora
1056 2137 1193 2199 edoceo·

305 2235 364 2283 tur.
415 2220 535 2284 decidit
553 2214 831 2299 eriam'saepnsrme,
863 2220 898 2284 ut
918 2216 1021 2300 aliquit
1041 2236 1076 2280 ex
1097 2213 1194 2280 nimia
1275 2239 1276 2266 l

303 2299 515 2384 praeipitantia
528 2300 608 2373 nulla
621 2297 843 2363 deliberatione
863 2297 995 2362 adhibita
1011 2297 1125 2378 dogma
1142 2302 1194 2360 ali·

304 2377 389 2460 quod
409 2397 562 2442 erroneum
582 2375 749 2449 defendat„
782 2377 866 2454 cuius
885 2375 1194 2464 falsitatemipserutt

303 2455 459 2536 attendens
477 2455 568 2525 facile
588 2453 740 2544 agnoscite
1182 2479 1184 2483 ·

442 2575 448 2582 “
539 2592 574 2678 s.
601 2545 870 2685 uouxxrv'.

300 2707 372 2790 vet
391 2709 525 2805 secundo
549 2713 676 2813 aliquia
698 2707 1194 2790 Errorem'fundameutalem

227 2811 276 2888 lta
292 2827 518 2908 propugnat,
553 2827 614 2895 ut,
642 2807 812 2908 pensitato
832 2813 924 2887 bene
943 2807 1193 2908 utraqueDo·

222 2908 338 2992 ,lirina
356 2907 392 2980 dr
411 2907 615 3006 ponderatis
631 2921 868 3006 utrorumque
884 2907 1119 3004 argumentis,
1140 2921 1193 2980 ta·

228 3025 314 3080 men
330 3000 418 3077 fallis
433 3005 625 3080 ratiociniis
641 3004 824 3102 deceptus,
842 3003 874 3078 le
892 3001 1092 3100 iplllirmam
1113 3021 1193 3078 tue-

187 3146 198 3172 .
227 3103 259 3176 ti
275 3100 459 3174 veritatem
482 3101 689 3188 arbitratur,
726 3103 762 3176 de
779 3097 893 3177 'officii
913 3099 965 3176 sui
984 3093 1052 3176 elle
1074 3100 1194 3176 censet

103 3242 106 3246 -
132 3225 135 3228 ·
228 3208 355 3273 eontra
376 3198 522 3295 quomis
542 3196 676 3296 dogma
698 3195 799 3274 suum
820 3191 1013 3276 defendere
1034 3195 1072 3273 dt
1089 3193 1194 3272 dille·

228 3295 375 3370 minate.

506 3491 511 3507 ,
552 3421 586 3506 ὃ·
611 3409 861 3494 MCMXXV.

301 3524 444 3606 Dantur
461 3526 627 3628 denique,
651 3533 846 3634 quipraris
863 3527 1042 3608 affectibus
1061 3527 1193 3610 imbuti

111 3677 115 3686 ,
143 3641 147 3659 ²
181 3645 184 3648 ·
229 3641 336 3727 atque
353 3627 545 3721 impietatis
561 3627 596 3702 vi
613 3627 732 3714 dudi,
760 3628 922 3724 adeoque
938 3649 985 3703 ex
1002 3628 1193 3709 voluntate

229 3725 336 3825 plane
360 3743 551 3812 corrupta,
578 3723 723 3803 haerel‘ea
739 3723 974 3804 dilleutinaut.
1161 3737 1164 3746 ’

1130 3849 1198 3912 Hoc
