2558 4464
425 311 933 435 ermenero
1018 439 1029 458 „

184 537 383 634 „naturalis
404 539 502 622 mihi
524 537 759 638 videbatur,
788 543 830 624 δι
850 523 968 656 quent
981 529 1074 648 ‚ipsa
1092 536 1164 620 mi·
1258 539 1261 588 ³

194 649 236 734 hi
255 650 460 736 dictitabat
478 649 744 736 ratiocinatio.
802 656 835 756 ζ.
891 655 1088 736 Caeterum
1118 647 1162 734 itl
1261 651 1264 734 l

196 764 365 846 maxime
390 763 430 844 in
458 787 548 847 toto
574 765 719 864 Capite
745 762 839 876 egi,
873 787 917 848 ut
937 754 1162 848 Veritatun't
1262 767 1265 820 l

195 875 529 985 Theologicarum
547 885 774 956 Θεοπνεπείαν
794 873 1067 970 ostenderem,
1097 899 1163 956 ea-

197 1013 362 1099 rumque
381 1009 462 1070 tam
482 981 792 1096 possibilitatem,
820 1014 937 1100 quam
960 977 1165 1070 certitudi-

196 1125 288 1181 nem
308 1097 628 1194 demonstrarem,
647 1099 894 1210 Religionem
912 1097 1030 1182 etiam
1043 1099 1078 1182 C
1085 1093 1164 1180 hri·

197 1209 357 1292 liianam
376 1234 502 1292 totam
524 1209 759 1294 rationalem
779 1208 1026 1306 exhiberem,
1038 1207 1088 1292 ab
1106 1201 1182 1290 iti'

195 1319 303 1426 juriis
331 1347 419 1404 earn
442 1319 708 1418 vindicarem,
745 1320 922 1403 omnium
947 1319 1167 1433 Conlcien·
1267 1427 1268 1430 Ν

75 1460 77 1466 ·
197 1430 263 1514 tiis
292 1431 640 1525 commendarem,
679 1459 813 1514 verant
848 1430 951 1514 illius
981 1427 1166 1528 formam,
1267 1453 1268 1474 ¹

166 1633 169 1646 ,
198 1543 318 1626 decus
339 1547 378 1626 &
399 1542 656 1654 praestantiam
681 1539 988 1654 perspiciendam
1014 1542 1164 1642 darent,
1268 1590 1269 1594 κ

200 1657 281 1756 ejus
302 1681 390 1737 eum
411 1651 558 1766 divinis
580 1650 887 1736 perfectionibus
913 1663 964 1739 ac'
986 1634 1165 1739 Rationis
1268 1659 1269 1664 '

198 1765 405 1880 Principiis
416 1762 736 1847 convenientiam
754 1763 989 1866 indicartm;
1015 1767 1078 1852 Ut
1096 1761 1166 1852 illa

198 1872 489 1988 sapientillima,
520 1874 601 1978 Dei
617 1868 823 1982 Majestate
840 1873 1069 1986 dignissima,
1094 1877 1166 1959 lru'-

200 2015 322 2072 manae
338 1991 498 2070 Nature
513 1985 873 2096 convenientillrma
892 1985 1166 2098 deprehenda-
1184 2002 1195 2015 ⁴

188 2125 275 2188 tut.
348 2099 412 2182 Ut
429 2096 512 2180 haec
528 2096 688 2180 tandem
706 2105 745 2178 in
763 2103 932 2202 cujusvis
952 2093 1165 2196 Con-leien-

134 2234 137 2242 ·
199 2217 254 2295 tia
276 2205 432 2294 resultet
449 2201 685 2303 Conclusrot
713 2211 802 2291 Aut
822 2197 924 2291 nulla
940 2200 1081 2324 Religio
1100 2206 1163 2290 ve'-

198 2345 246 2406 ra
261 2319 328 2428 eli,
360 2327 428 2404 out
444 2315 585 2436 Religio
601 2313 819 2426 Christiana
840 2318 972 2428 purior
989 2341 1086 2406 vera
1102 2315 1164 2427 eli.

200 2433 407 2651 Atquissper
425 2425 671 2538 demonstrata
687 2423 802 2516 datur
821 2429 978 2540 Religio.
1023 2427 1068 2520 Ε.
1088 2431 1163 2526 hac

199 2567 370 2632 verae.

255 2767 307 2850 Et
334 2788 420 2848 curn
443 2771 483 2846 in
505 2761 948 2876 Theologial’olemica
973 2794 1055 2851 non
1082 2793 1164 2850 om·

200 2905 269 2962 nes
284 2877 493 2971 Veritates,
516 2872 580 2960 sed
597 2901 649 2962 eae
667 2875 807 2975 solum,
825 2907 910 2994 quae
921 2879 973 2965 ad
992 2878 1165 2964 Salutem

190 3013 380 3074 'aeternam
396 2988 556 3100 cognitu
573 2989 787 3073 necellatlae
809 2987 908 3089 sunt,
928 3011 1061 3073 contra
1081 2985 1187 3089 Adue
1271 2993 1272 3002 '

199 3097 1168 3205 versariorumObjeiiionesvindicandaefint‚hinc

82 3203 88 3215 ’
201 3211 318 3295 nobis
346 3211 519 3294 constare
550 3211 694 3309 debet,
724 3205 884 3326 quinam
914 3211 975 3294 illi
987 3207 1166 3296 ‘Articuli
1268 3227 1271 3274 2

201 3321 285 3417 fint,
307 3347 474 3435 quotum
493 3319 671 3406 defenso
693 3321 732 3404 in
751 3321 975 3436 Theologia
995 3321 1166 3407 Polemi-

189 3449 246 3520 'ca
263 3431 520 3545 suscipienda,
549 3441 591 3519 u‘t
611 3433 704 3518 inde
723 3433 843 3520 etiam
863 3439 1033 3544 cujusvis
1053 3435 1168 3547 Dog-
1268 3451 1272 3508 l

175 3553 314 3628 matis
358 3551 397 3630 δι
435 3546 591 3633 Erroris
628 3572 874 3633 momentum
902 3545 1165 3656 intelligarutt

185 3655 411 3766 ¹Propterea
427 3653 546 3764 Capul
560 3669 731 3766 quartum
749 3687 882 3744 veram
894 3657 1166 3741 Articulorum
1270 3679 1271 3700 ³

202 3765 297 3854 fidei
313 3765 666 3856 fundanrentalium
684 3771 905 3871 notionem,
930 3768 1167 3879 illorumque
1271 3791 1272 3794 ‘

1074 3903 1169 3964 vera
