2570 4464
300 176 314 248 i
1272 170 1273 248 l

184 317 266 438 302
431 327 616 444 capul.
632 327 914 444 Dmonliraiio'
1065 281 1069 298 .

558 517 763 612 enixu
1272 464 1274 614 l

252 649 353 729 Patet
376 673 408 724 α.
430 665 477 724 ex
500 647 586 740 his„
601 673 764 748 quaenam
780 649 823 727 iit
837 650 1034 730 differentia
1050 654 1149 736 inter
1273 663 1274 666 ’

178 747 299 832 officia
319 745 520 843 Religionis
540 747 706 823 naturalis
727 750 763 823 dr
785 749 966 847 revelatae;
990 753 1027 826 in
1046 755 1148 846 prio.
1162 769 1179 796 s

44 857 47 870 '
178 857 209 930 ri
229 867 360 940 nempe
386 842 566 919 arlionum
594 847 727 918 motiva
752 841 987 923 desumuntur
1012 850 1058 922 ab
1078 851 1145 924 At.

103 951 108 964 ‘
177 949 320 1027 triburis
351 939 478 1014 diuinis
509 938 772 1016 in1Creatione
798 943 834 1018 &
858 941 1145 1022 conservatione
1274 1019 1275 1040 ¹

177 1038 425 1122 manifestatis:
459 1037 495 1110 in
523 1038 711 1134 posteriori
737 1057 823 1112 vero
844 1042 1046 1114 motiva-ex
1068 1037 1142 1116 Re·
1185 1074 1187 1084 ·

176 1139 371 1220 demtionis
399 1155 509 1229 opere
536 1135 572 1209 δι
595 1134 783 1229 Atrributis
799 1134 879 1212 'Dei
897 1138 952 1212 ibi
978 1137 1143 1215 revelatis

64 1301 69 1322 .
175 1243 451 1338 depromuntur.
519 1291 522 1303 ,
901 1235 904 1242 ’

440 1380 443 1390 ·
496 1407 499 1417 ,
544 1345 579 1448 s.
604 1351 767 1434 urxn.
1067 1299 1111 1406 Γ

246 1484 289 1564 Id
304 1483 464 1578 facimus,
481 1467 628 1578 quando
644 1481 681 1552 in
696 1501 754 1563 eo,
772 1477 835 1576 qui
848 1477 898 1554 eil
911 1479 1016 1555 unica
1030 1491 1143 1578 atque

176 1579 418 1684 perfeetiilrma
438 1578 566 1654 Salutis
585 1573 711 1650 nostrae
730 1571 862 1662 euulsa,
894 1563 976 1649 neln
1007 1555 1142 1657 elilio

6 1675 9 1694 '
173 1685 247 1763 Dei
258 1685 294 1755 in
307 1699 413 1755 carne
424 1673 656 1756 manifestato,
673 1671 956 1758 totam'divinam
972 1599 1141 1754 gloriam

173 1784 211 1858 in
231 1776 308 1877 ipso
329 1775 532 1851 elucentem
549 1770 789 1870 admiramur,
813 1767 926 1865 ipsum
946 1787 1140 1862 propterea

172 1879 381 1957 adoramus,
410 1872 444 1946 δι
461 1881 611 1968 propter
624 1863 830 1940 immensam
847 1867 922 1958 ejus
932 1862 1140 1968 Bonitarem

173 1976 281 2050 nobie
311 1968 509 2045 exhibitam
535 1983 717 2046 amamus,
759 1976 867 2056 atque
894 1964 930 2036 in
964 1969 1139 2044 omnibus

173 2069 372 2147 actionibus
393 2063 520 2138 nostrie
539 2058 559 2134 d
576 2073 668 2134 nutu
688 2055 926 2154 benigniffuui
946 2057 1139 2151 saluatoris

172 2167 285 2242 nostri
305 2177 372 2238 uos
390 2155 594 2258 dependere
612 2154 843 2232 ostendimus.
1278 2161 1279 2168 ‘

444 2343 448 2356 ¹
531 2299 565 2388 S·
591 2295 771 2378 MLXlli.

176 2469 182 2476 .
248 2427 455 2526 urlpparet
465 2446 630 2524 quanam
644 2422 684 2501 fit
697 2447 778 2500 vera
791 2421 990 2522 Religionis
1003 2421 1134 2508 Pecca-

170 2528 259 2604 toris
282 2528 400 2602 ratio:
441 2517 504 2598 illa
523 2545 655 2620 nempe
676 2519 832 2624 ponsrstit
851 2525 888 2597 in
909 2523 983 2600 obli
1014 2529 1135 2604 atione
1178 2579 1182 2594 .

74 2637 77 2642 ’
168 2621 327 2700 hominis
338 2621 547 2720 peccatoris,
564 2641 634 2716 qua
649 2624 791 2694 tenetur
804 2641 850 2694 ex
863 2623 926 2720 pio
943 2547 1075 2712 aalma
1094 2625 1135 2700 in

169 2708 414 2810 testimonium
424 2716 494 2793 Dei
508 2716 554 2791 de
562 2714 681 2792 Salute
693 2714 781 2792 olim
798 2737 862 2812 per
875 2713 1056 2800 Christum
1071 2742 1135 2816 pa-

102 2879 107 2886 .
168 2819 288 2902 tanda,
310 2835 508 2890 nuncuero
524 2823 660 2909 parata,
685 2835 769 2889 cum
787 2813 1027 2910 abnegatione
1047 2839 1135 2911 pro.

167 2915 237 3013 prii
263 2911 398 2987 arbitrii
424 2907 495 2985 srve
515 2907 733 2994 voluntatis,
767 2905 835 2984 sese
864 2913 897 2986 ei
924 2907 1132 2990 salvandum

167 3011 420 3091 committere,
454 3005 683 3106 artionesque
708 3003 783 3080 suas
810 3005 854 3082 ad
872 3007 947 3101 ejus
965 3005 1132 3094 Gloriam

89 3107 91 3114 ’
112 3191 114 3198 ⁴
166 3106 321 3204 dirigere
339 3104 376 3180 dr
391 3104 427 3179 in
443 3101 516 3178 hoe
535 3103 718 3199 propriam
734 3099 891 3182 Salutem
910 3125 1078 3203 quarere.

524 3247 560 3335 δ.
586 3243 766 3324 llllLXlV.

239 3333 335 3448 ¹Cum
356 3369 393 3444 in
415 3367 512 3454 hoc,
551 3341 681 3442 uriluo
700 3366 787 3443 luco
800 3343 1022 3456 ridebimus,
1045 3392 1132 3452 vera

165 3461 270 3546 Fides
288 3463 471 3550 consistat,
499 3464 586 3538 hinc
602 3475 718 3561 patet:
754 3461 981 3562 Religionem
1000 3491 1131 3565 pecca.

165 3567 255 3642 toris
273 3563 308 3636 &
329 3559 437 3637 iidem
459 3559 646 3636 salvificam
674 3559 814 3637 nonnisi
836 3563 949 3638 modo
967 3563 1129 3644 differre,

99 3729 108 3738 .
165 3655 1129 3836 RuarenusnempeFideestudiumestfnciendieuquaa

201 3757 310 3911 eligio
325 3751 525 3854 leccatoris
540 3751 780 3854 praescribit&
799 3755 936 3894 adquae
954 3751 1129 3932 Pmoall‘
