2560 4466
299 367 512 454 Veritatem
534 322 849 501 Theologirirrun.
975 394 1056 486 463

84 565 213 645 schatis
237 543 399 638 desum'ta
431 556 610 652 eiusmodi
635 557 950 640 manducationem
975 563 1058 644 sub.

83 659 294 741 stantialiter
311 654 490 754 ,praesentis
509 652 684 750 Corporis
700 653 829 734 curisti
848 684 924 736 non
942 669 1056 760 magis

82 761 231 859 probet,
246 777 287 830 ac
301 753 446 850 reliquae
458 759 586 826 omnes
602 751 1055 856 deSacramentisloquen.

1 914 3 922 a
82 859 123 932 di
143 851 308 931 formulae
328 853 379 925 rei
405 845 607 946 fignificatae
627 847 844 944 praesentiam
873 855 1054 952 indicant'3

1 954 2 957 ’
79 951 218 1051 Neque
232 951 338 1024 etiam
351 945 638 1020 manducationis
651 943 965 1042 CorporisChristi
979 957 1060 1029 rea-'

81 1051 128 1127 lis
151 1049 244 1124 ullus
265 1043 345 1119 usur
366 1039 434 1117 effe
460 1039 565 1138 pofflt
589 1037 673 1139 Joh.
693 1037 754 1120 Vl.
774 1055 831 1132 63.
883 1045 982 1126 Hinc
1003 1052 1055 1129 est

1 1208 3 1238 f
81 1145 187 1246 quod
207 1138 365 1219 'Ecclesia
394 1137 600 1223 Reformata
629 1134 809 1216 Dodrinae
835 1141 880 1218 de
898 1143 1054 1222 substan-

1 1322 2 1329 χ
34 1236 40 1269 ”
81 1243 158 1319 tiali
174 1235 348 1336 Corporis
368 1235 499 1312 Christi
519 1237 556 1308 in
575 1233 608 1309 S.
624 1234 741 1310 Coeoa
760 1241 940 1333 prasentia
959 1245 1052 1338 ejus.

81 1361 158 1440 quc
176 1334 399 1416 comestione
419 1331 568 1408 assentiri
588 1355 814 1461 nequapuam
831 1339 959 1438 potest.

294 1483 297 1488 ’
404 1486 437 1576 d.
454 1494 456 1498 ’
474 1483 729 1566 MDCLXVI.

1 1659 8 1694 :
158 1603 384 1684 Colchorum
400 1603 526 1702 aliquis
540 1602 712 1678 Sacerdos
727 1603 772 1678 de
789 1584 968 1702 praeientia
983 1606 1051 1693 had

81 1701 259 1802 Corporis
272 1701 403 1790 Christi
417 1705 676 1796 interrogatus,
703 1705 836 1783 citante
852 1702 1051 1784 Celeberri-

0 1827 2 1860 ι
80 1825 149 1877 mu
182 1799 381 1896 Theologo
417 1793 526 1896 JOH.
565 1793 707 1874 ALPH.‘
736 1796 1048 1891 TURRETINO,

1 1951 9 1968 ..
79 1921 131 1980 ex
149 1905 278 1993 Voyages
295 1897 332 1969 de
353 1893 502 1980 Chardin,
523 1891 724 1990 respondit3
752 1899 909 1992 Quorsum
928 1899 1051 1972 irucde.

1 2011 9 2085 7
73 1997 275 2089 frenderet?
314 1991 489 2084 Quamvis
515 1995 611 2066 enim
638 1989 782 2088 Corpus
808 1993 936 2069 Christi
962 2019 1049 2073 cunr

5 2119 10 2158 f
78 2093 206 2168 nostro
223 2085 404 2180 ardiffime
421 2091 602 2174 uniretur,
625 2107 672 2178 ex
690 2088 756 2164 hac
775 2091 910 2166 unione
927 2107 1049 2170 tamen

0 2239 6 2255 ,.
81 2210 158 2264 non
183 2187 442 2285 produceretur
461 2183 567 2270 Vita,
594 2207 673 2284 quae
693 2209 738 2259 ex
757 2181 841 2262 Deo
862 2186 931 2274 est,
958 2192 1048 2267 dum

1 2308 9 2329 ··
82 2283 300 2380 Spiritusfit,
317 2280 492 2381 quiuivo's
507 2305 573 2356 nos
587 2285 680 2365 facit,
700 2305 818 2382 neque
832 2283 928 2364 Caro
943 2285 1048 2366 Chri.

1 2400 7 2470 ‚t
80 2381 124 2458 sti
144 2379 342 2496 quidquam
363 2379 515 2476 prodest.
547 2377 711 2484 Joher.
727 2390 786 2468 63.

397 2529 430 2614 r.
458 2495 727 2623 moctxvn.

154 2640 369 2737 Quaeverba
384 2643 567 2722 Dominus
589 2638 687 2747 Jusus
708 2642 928 2728 enuntiarit,
957 2631 1048 2724 dum

75 2733 212 2842 Judaeis
228 2741 469 2839 litigantibus,
496 2739 689 2835 quomodo
703 2739 775 2835 ipse
792 2763 934 2814 carnem
949 2740 1047 2817 suam

2 2855 9 2906 t
76 2839 366 2914 manducandam
387 2839 543 2936 praebere
561 2831 684 2933 possit,
711 2836 914 2932 respondit5
947 2835 1048 2935 ipfir·
1213 2949 1216 2958 ,

2 2939 26 3002 n
73 2958 151 3034 que
171 2935 286 3013 sermo
306 2939 380 3032 ejus
401 2937 506 3014 nimis
526 2933 635 3046 durus
655 2923 856 3010 didetetur:

383 3081 415 3168 §-
445 3076 733 3162 MDCLXVlll.

5 3277 7 3290 Α
102 3149 260 3272 'addit
281 3178 386 3274 verba
415 3196 472 3274 sua
494 3197 654 3295 spiritum
679 3193 747 3272 effe
774 3190 947 3274 &Vitam
961 3187 1044 3284 effe,
1163 3263 1166 3272 .

5 3339 7 3384 :
71 3289 151 3366 hoc
165 3293 232 3378 est,
259 3293 435 3370 verba-sua
450 3317 525 3370 non
543 3293 739 3370 secundum
754 3315 898 3387 corpus,
916 3292 973 3368 sed
995 3292 1047 3370 se·

72 3389 239 3464 cundum
256 3390 415 3488 spiritum
430 3389 497 3466 effe
511 3390 622 3466 intelli
651 3390 752 3465 enda.
792 3387 841 3465 Ut
856 3389 1045 3488 paraphra-

70 3481 119 3558 srs
146 3484 278 3561 horum
300 3489 494 3588 verborum
521 3487 597 3562 haec
619 3413 683 3561 dt:
723 3464 867 3571 Viiam,
892 3505 973 3584 quae
997 3487 1045 3562 de

69 3578 162 3658 Deo
181 3584 242 3668 est,
263 3586 484 3660 comestione
503 3584 683 3680 corporali
700 3584 854 3678 produci
873 3606 947 3658 non
963 3581 1047 3680 pos·

70 3675 134 3760 se,
160 3678 216 3754 sed
240 3682 276 3753 id
293 3679 423 3756 fieriui
442 3681 592 3776 Spiritus
609 3675 901 3782 Omnipsotentim
922 3683 986 3782 qui
1004 3683 1044 3757 in

70 3777 206 3852 animis
222 3773 382 3858 fidelium
395 3779 607 3872 deiiderium
629 3776 759 3854 excitat
772 3779 1044 3856 communionis

395 3919 399 3924 -
473 3915 496 3935 ·.
955 3893 1044 3952 cum

743 4200 1004 4259 4.
